1111111111111111111111111111111111111111111111111111111111111111
2222222222222222222222222222222222222222222222222222222222222222
2222222222222222222222222222222222222222222222222222222222222222
2222222222222222222222223333333333333333333333333333333333333333
3333333333333333333333333333333333333333333333333333333333333333
333333333333333333333333333333333333333333000000000000000300000e
3333333333333333333333333333333333000000000000000000000n0300000e
333333333333333000000000000000000000000000003333333333333300000e
3333333333000000000000000000000000000000000330000000000000000033
3000000000000000000000000000000000000000033300000000000000033333
c000000000000000003003000330000333333333330000000000000333333333
c000000000000330000000000000030000000000000000000003333333333333
cp00000000003000000000000000000000000000000000003333333333333333
3333333330003000000000000000000000000000000033333333333333333333
3333333333003333000000000000000000000000000003333333333333333333
3333333333000000000000003000000000000000000333333333333333333333
3333333333300000003330000000003000000000000003333333333333333333
3333333333300000000000000000000000330000000003333333333333333333
3333333333330000000000000000000000000000000033333333333333333333
3333333333333000000000000000000000000000000003333333333333333333
3333333333333300000000000000000000000000000003333333333333333333
3333333333333330000000000000000000000000000003333333333333333333
3333333333333333333333333333333333333333333333333333333333333333
3333333333333333333333333333333333333333333333333333333333333333
3333333333333333333333333333333333333333333333333333333333333333
